---
---

@article{reinsel2018
,	title	= {The Digitization of the World -- From Edge to Core}
,	author	= {Reinsel, David and Gantz, John and Rydning, John}
,	journal	= {IDC White Paper}
,	year	= {2020}
,	url 	= {https://www.seagate.com/files/www-content/our-story/trends/files/dataage-idc-report-final.pdf}
}

@inproceedings{stock2020,
    author       = {Stock, Simon Claus and Becker, Jürgen and Grimm, Daniel and Hotfilter, Tim and Molinar, Gabriela and Stang, Marco and Stork, Wilhelm},
    year         = {2020},
    title        = {QUA³CK - A Machine Learning Development Process},
    pages        = {026},
    eventtitle   = {Symposium Artificial Intelligence for Science, Industry and Society},
    eventtitleaddon = {AISIS 2019},
    eventdate    = {2019-10-20/2019-12-25},
    venue        = {Mexiko-Stadt, Mexiko},
    booktitle    = {Proceedings of Artificial Intelligence for Science, Industry and Society — PoS(AISIS2019)},
    doi          = {10.22323/1.372.0026},
    publisher    = {{Scuola Internazionale Superiore di Studi Avanzati (SISSA)}},
    issn         = {1824-8039},
    series       = {Proceedings of Science},
    language     = {english},
    volume       = {372}
}
